




@misc{convolutionalneuralnetworks,
  Howpublished = {\url{http://deeplearning.net/tutorial/lenet.html}},
  Note = {[Retrieved: January, 2017]},
  Title = {{Convolutional Neural Networks}}}




@misc{holidaysinnewyork,
  Howpublished = {\url{http://www.officeholidays.com/countries/usa/regional}},
  Note = {[Retrieved: January, 2015]},
  Title = {{Holidays in New York in 2015}}}



@inproceedings{hart2012demand,
  title={Demand forecasting significance for contemporary process management of logistics systems},
  author={Hart, Martin and Ra{\v{s}}ner, Jaroslav and Lukoszov{\'a}, Xenie},
  booktitle={Congress Proceedings-CLC 2012: Carpathian Logistics Congress},
  year={2012},
  organization={TANGER Ltd.}
 
}

@inproceedings{krizhevsky2012imagenet,
  title={Imagenet classification with deep convolutional neural networks},
  author={Krizhevsky, Alex and Sutskever, Ilya and Hinton, Geoffrey E},
  booktitle={Advances in neural information processing systems},
  pages={1097--1105},
  year={2012}
}

@article{o2015introduction,
  title={An introduction to convolutional neural networks},
  author={O'Shea, Keiron and Nash, Ryan},
  journal={arXiv preprint arXiv:1511.08458},
  year={2015}
}

%2
@article{varian,
Author = {Varian, Hal R.},
Title = {Big Data: New Tricks for Econometrics},
Journal = {Journal of Economic Perspectives},
Volume = {28},
Number = {2},
Year = {2014},
Month = {May},
Pages = {3-28},
DOI = {10.1257/jep.28.2.3},
URL = {http://www.aeaweb.org/articles?id=10.1257/jep.28.2.3}}

@article {silva,
author = {Silva, Emmanuel Sirimal and Wu, Yue and Ojiako, Udechukwu},
title = {Developing Risk Management as a Competitive Capability},
journal = {Strategic Change},
volume = {22},
number = {5-6},
publisher = {John Wiley & Sons, Ltd.},
issn = {1099-1697},
url = {http://dx.doi.org/10.1002/jsc.1940},
doi = {10.1002/jsc.1940},
pages = {281--294},
year = {2013},
}

@article{brown2011you,
  title={Are you ready for the era of ?big data?},
  author={Brown, Brad and Chui, Michael and Manyika, James},
  journal={McKinsey Quarterly},
  volume={4},
  number={1},
  pages={24--35},
  year={2011}
}

@article{KAUFMAN199629,
title = "Success attributes of B\&B operators",
journal = "The Cornell Hotel and Restaurant Administration Quarterly",
volume = "37",
number = "4",
pages = "29 - 33",
year = "1996",
note = "",
issn = "0010-8804",
doi = "http://dx.doi.org/10.1016/0010-8804(96)82535-3",
url = "http://www.sciencedirect.com/science/article/pii/0010880496825353",
author = "Tammie J. Kaufman and Pamela A. Weaver and Julia Poynter"

}

@misc{walker, 
title={Trends in Big Data: A Forecast for 2014}, 
url={http://www.csc.com/big_data/publications/91710/105057-big_data_trends_2014_prediction}, 
journal={Computer Sciences Corporation}, 
publisher={CSC}, author={Walker, Andy }}

%2.1

@article{richards2013three,
  title={Three paradoxes of big data},
  author={Richards, Neil M and King, Jonathan H},
  journal={Stan. L. Rev. Online},
  volume={66},
  pages={41},
  year={2013},
  publisher={HeinOnline}
}


@misc{tucker, 
title={My Predictions for 2014 and Beyond?and Why They Might Not Come True}, 
url={http://www.slate.com/articles/technology/future_tense/2013/10/futurist_magazine_s_predictions_on_quantum_computing_big_data_and_more.html}, 
journal={Slate Magazine}, 
author={Tucker, Patrick}, 
year={2013}, 
month={Oct}}

@article{madden2012databases,
  title={From databases to big data},
  author={Madden, Sam},
  journal={IEEE Internet Computing},
  volume={16},
  number={3},
  pages={4--6},
  year={2012},
  publisher={IEEE}
}


@article{duhigg2012companies,
  title={How companies learn your secrets},
  author={Duhigg, Charles},
  journal={The New York Times},
  volume={16},
  pages={2012},
  year={2012}
}
%challanges

@misc{ba, 
title={Big bang? When 'big data' gets too big | Travel Industry News \& Conferences - EyeforTravel}, 
url={http://www.eyefortravel.com/mobile-and-technology/big-bang-when-}, journal={Big bang? When 'big data' gets too big | Travel Industry News \& Conferences - EyeforTravel}, author={Bacon, T}}

@book{silver2012signal,
  title={The signal and the noise: the art and science of prediction},
  author={Silver, Nate},
  year={2012},
  publisher={Penguin UK}
}

@misc{west_2013, 
title={Big Data Needs a Big Theory to Go with It}, url={https://www.scientificamerican.com/article/big-data-needs-big-theory/}, journal={Scientific American}, author={West, Geoffrey}, year={2013}, month={Apr}}


@article{arribas2014accidental,
  title={Accidental, open and everywhere: Emerging data sources for the understanding of cities},
  author={Arribas-Bel, Daniel},
  journal={Applied Geography},
  volume={49},
  pages={45--53},
  year={2014},
  publisher={Elsevier}
}


@article{wesson2014big,
  title={Big Sites, Big Questions, Big Data, Big Problems: Scales of Investigation and Changing Perceptions of Archaeological Practice in the Southeastern United States},
  author={Wesson, Cameron and Cottier, John},
  journal={Bulletin of the History of Archaeology},
  volume={24},
  year={2014},
  publisher={Ubiquity Press}
}



% related

@article{demaio2009bike,
  title={Bike-sharing: History, impacts, models of provision, and future},
  author={DeMaio, Paul},
  journal={Journal of Public Transportation},
  volume={12},
  number={4},
  pages={3},
  year={2009}
}

@article{shaheen2010bikesharing,
  title={Bikesharing in Europe, the Americas, and Asia: past, present, and future},
  author={Shaheen, Susan and Guzman, Stacey and Zhang, Hua},
  journal={Transportation Research Record: Journal of the Transportation Research Board},
  number={2143},
  pages={159--167},
  year={2010},
  publisher={Transportation Research Board of the National Academies}
}

@inproceedings{moura2011implementing,
  title={Implementing bike-sharing systems},
  author={Moura, JL and Ibeas, A and others},
  booktitle={Proceedings of the Institution of Civil Engineers-Municipal Engineer},
  volume={164},
  number={ME2},
  year={2011}
}
@article{martinez2012optimisation,
  title={An optimisation algorithm to establish the location of stations of a mixed fleet biking system: an application to the city of Lisbon},
  author={Martinez, Luis M and Caetano, Lu{\'\i}s and Eir{\'o}, Tom{\'a}s and Cruz, Francisco},
  journal={Procedia-Social and Behavioral Sciences},
  volume={54},
  pages={513--524},
  year={2012},
  publisher={Elsevier}
}
@inproceedings{kumar2012optimizing,
  title={Optimizing locations for a vehicle sharing system},
  author={Kumar, V Prem and Bierlaire, Michel},
  booktitle={Swiss Transport Research Conference.(Cited on pages 2, 8, and 24.)},
  year={2012}
}
@article{lin2011strategic,
  title={Strategic design of public bicycle sharing systems with service level constraints},
  author={Lin, Jenn-Rong and Yang, Ta-Hui},
  journal={Transportation research part E: logistics and transportation review},
  volume={47},
  number={2},
  pages={284--294},
  year={2011},
  publisher={Elsevier}
}

@article{raviv2013static,
  title={Static repositioning in a bike-sharing system: models and solution approaches},
  author={Raviv, Tal and Tzur, Michal and Forma, Iris A},
  journal={EURO Journal on Transportation and Logistics},
  volume={2},
  number={3},
  pages={187--229},
  year={2013},
  publisher={Springer}
}

@techreport{miller2010fleet,
  title={Fleet Management for Vehicle Sharing Operations},
  author={Miller-Hooks, Elise and Nair, Rahul},
  year={2010}
}

@article{nair2013large,
  title={Large-scale vehicle sharing systems: analysis of V{\'e}lib'},
  author={Nair, Rahul and Miller-Hooks, Elise and Hampshire, Robert C and Bu{\v{s}}i{\'c}, Ana},
  journal={International Journal of Sustainable Transportation},
  volume={7},
  number={1},
  pages={85--106},
  year={2013},
  publisher={Taylor \& Francis}
}
@article{leurent2012modelling,
  title={Modelling a vehicle-sharing station as a dual waiting system: stochastic framework and stationary analysis},
  author={Leurent, Fabien},
  year={2012}
}

@article{rixey2013station,
  title={Station-level forecasting of bikesharing ridership: Station Network Effects in Three US Systems},
  author={Rixey, R},
  journal={Transportation Research Record: Journal of the Transportation Research Board},
  number={2387},
  pages={46--55},
  year={2013},
  publisher={Transportation Research Board of the National Academies}
}

@inproceedings{giot2014predicting,
  title={Predicting bikeshare system usage up to one day ahead},
  author={Giot, Romain and Cherrier, Rapha{\"e}l},
  booktitle={Computational intelligence in vehicles and transportation systems (CIVTS), 2014 IEEE symposium on},
  pages={22--29},
  year={2014},
  organization={IEEE}
}

@article{borgnat2011shared,
  title={Shared bicycles in a city: A signal processing and data analysis perspective},
  author={Borgnat, Pierre and Abry, Patrice and Flandrin, Patrick and Robardet, C{\'e}line and Rouquier, Jean-Baptiste and Fleury, Eric},
  journal={Advances in Complex Systems},
  volume={14},
  number={03},
  pages={415--438},
  year={2011},
  publisher={World Scientific}
}
@inproceedings{borgnat2009studying,
  title={Studying Lyon's V{\'e}lo'v: a statistical cyclic model},
  author={Borgnat, Pierre and Abry, Patrice and Flandrin, Patrick and Rouquier, Jean-Baptiste},
  booktitle={ECCS'09},
  year={2009},
  organization={Complex System Society}
}

@article{froehlich2008measuring,
  title={Measuring the pulse of the city through shared bicycle programs},
  author={Froehlich, Jon and Neumann, Joachim and Oliver, Nuria},
  journal={Proc. of UrbanSense08},
  pages={16--20},
  year={2008}
}

@article{lathia2012measuring,
  title={Measuring the impact of opening the London shared bicycle scheme to casual users},
  author={Lathia, Neal and Ahmed, Saniul and Capra, Licia},
  journal={Transportation research part C: emerging technologies},
  volume={22},
  pages={88--102},
  year={2012},
  publisher={Elsevier}
}
@article{kaltenbrunner2010urban,
  title={Urban cycles and mobility patterns: Exploring and predicting trends in a bicycle-based public transport system},
  author={Kaltenbrunner, Andreas and Meza, Rodrigo and Grivolla, Jens and Codina, Joan and Banchs, Rafael},
  journal={Pervasive and Mobile Computing},
  volume={6},
  number={4},
  pages={455--466},
  year={2010},
  publisher={Elsevier}
}
@article{shu2010bicycle,
  title={Bicycle-sharing system: deployment, utilization and the value of re-distribution},
  author={Shu, Jia and Chou, Mabel and Liu, Qizhang and Teo, Chung-Piaw and Wang, I-Lin},
  journal={National University of Singapore-NUS Business School, Singapore},
  year={2010}
}

@article{chemla2013bike,
  title={Bike sharing systems: Solving the static rebalancing problem},
  author={Chemla, Daniel and Meunier, Fr{\'e}d{\'e}ric and Calvo, Roberto Wolfler},
  journal={Discrete Optimization},
  volume={10},
  number={2},
  pages={120--146},
  year={2013},
  publisher={Elsevier}
}
@article{lin2012geo,
  title={A geo-aware and VRP-based public bicycle redistribution system},
  author={Lin, Jyh-Horng and Chou, Ti-Chieh},
  journal={International Journal of Vehicular Technology},
  volume={2012},
  year={2012},
  publisher={Hindawi Publishing Corporation}
}
@inproceedings{yoon2012cityride,
  title={Cityride: a predictive bike sharing journey advisor},
  author={Yoon, Ji Won and Pinelli, Fabio and Calabrese, Francesco},
  booktitle={Mobile Data Management (MDM), 2012 IEEE 13th International Conference on},
  pages={306--311},
  year={2012},
  organization={IEEE}
}







%3.1

@article{skupin20081,
  title={1 Introduction: What is a Self-Organizing Map?},
  author={Skupin, Andr{\'e} and Agarwal, Pragya},
  year={2008},
  publisher={Citeseer}
}


%3.2

@article{hassani2009forecasting,
  title={Forecasting European industrial production with singular spectrum analysis},
  author={Hassani, Hossein and Heravi, Saeed and Zhigljavsky, Anatoly},
  journal={International journal of forecasting},
  volume={25},
  number={1},
  pages={103--118},
  year={2009},
  publisher={Elsevier}
}

@article{hassani2015forecasting,
  title={Forecasting US tourist arrivals using optimal singular spectrum analysis},
  author={Hassani, Hossein and Webster, Allan and Silva, Emmanuel Sirimal and Heravi, Saeed},
  journal={Tourism Management},
  volume={46},
  pages={322--335},
  year={2015},
  publisher={Elsevier}
}

@book{needham2013disruptive,
  title={Disruptive possibilities: how big data changes everything},
  author={Needham, Jeffrey},
  year={2013},
  publisher={" O'Reilly Media, Inc."}
}


@article{hyndman2013forecasting,
  title={Forecasting: Principles and practice, Section 7/7},
  author={Hyndman, RJ and Athanasopoulos, G},
  journal={URL: http://otexts. com/fpp/7/7. Accessed on},
  volume={10},
  number={13},
  pages={2015},
  year={2013}
}
%3.4
@article{jadhav2013big,
  title={Big data: the new challenges in data mining},
  author={Jadhav, DK},
  journal={Int J Innov Res ComputSci \& Technol},
  volume={1},
  number={2},
  pages={39--42},
  year={2013}
}
@book{marz2015big,
  title={Big Data: Principles and best practices of scalable realtime data systems},
  author={Marz, Nathan and Warren, James},
  year={2015},
  publisher={Manning Publications Co.}
}
%3.5
@article{lohr2012age,
  title={The age of big data},
  author={Lohr, Steve},
  journal={New York Times},
  volume={11},
  number={2012},
  year={2012}
}

@article{einav2014data,
  title={The data revolution and economic analysis},
  author={Einav, Liran and Levin, Jonathan},
  journal={Innovation Policy and the Economy},
  volume={14},
  number={1},
  pages={1--24},
  year={2014},
  publisher={University of Chicago Press Chicago, IL}
}

%energy
@article{nguyen2010short,
  title={Short-term electricity demand and gas price forecasts using wavelet transforms and adaptive models},
  author={Nguyen, Hang T and Nabney, Ian T},
  journal={Energy},
  volume={35},
  number={9},
  pages={3674--3685},
  year={2010},
  publisher={Elsevier}
}

%health care
@misc{callahan2004effective,
  title={Effective demand forecasting in the health care supply chain},
  author={Callahan, TJ and Guzman, DR and Sumeren, MA},
  year={2004}
}



%Chapt 3

@article{jensen2010characterizing,
  title={Characterizing the speed and paths of shared bicycle use in Lyon},
  author={Jensen, Pablo and Rouquier, Jean-Baptiste and Ovtracht, Nicolas and Robardet, C{\'e}line},
  journal={Transportation research part D: transport and environment},
  volume={15},
  number={8},
  pages={522--524},
  year={2010},
  publisher={Elsevier}
}



% linear

@book{seber2012linear,
  title={Linear regression analysis},
  author={Seber, George AF and Lee, Alan J},
  volume={936},
  year={2012},
  publisher={John Wiley \& Sons}
}

@book{han2011data,
  title={Data mining: concepts and techniques},
  author={Han, Jiawei and Pei, Jian and Kamber, Micheline},
  year={2011},
  publisher={Elsevier}
}

@article{montgomery2012wiley,
  title={Wiley series in probability and mathematical statistics},
  author={Montgomery, DC and Peck, EA and Vining, GG},
  journal={Introduction to linear regression analysis [J]},
  year={2012}
}

%NN

@book{rojas2013neural,
  title={Neural networks: a systematic introduction},
  author={Rojas, Ra{\'u}l},
  year={2013},
  publisher={Springer Science \& Business Media}
}

@book{gurney1997introduction,
  title={An introduction to neural networks},
  author={Gurney, Kevin},
  year={1997},
  publisher={CRC press}
}

%SVR
@book{friedman2001elements,
  title={The elements of statistical learning},
  author={Friedman, Jerome and Hastie, Trevor and Tibshirani, Robert},
  volume={1},
  year={2001},
  publisher={Springer series in statistics Springer, Berlin}
}

@article{jain2014forecasting,
  title={Forecasting energy consumption of multi-family residential buildings using support vector regression: Investigating the impact of temporal and spatial monitoring granularity on performance accuracy},
  author={Jain, Rishee K and Smith, Kevin M and Culligan, Patricia J and Taylor, John E},
  journal={Applied Energy},
  volume={123},
  pages={168--178},
  year={2014},
  publisher={Elsevier}
}

%evaluation 

@article{hu2015mid,
  title={Mid-term interval load forecasting using multi-output support vector regression with a memetic algorithm for feature selection},
  author={Hu, Zhongyi and Bao, Yukun and Chiong, Raymond and Xiong, Tao},
  journal={Energy},
  volume={84},
  pages={419--431},
  year={2015},
  publisher={Elsevier}
}

@article{edwards2012predicting,
  title={Predicting future hourly residential electrical consumption: A machine learning case study},
  author={Edwards, Richard E and New, Joshua and Parker, Lynne E},
  journal={Energy and Buildings},
  volume={49},
  pages={591--603},
  year={2012},
  publisher={Elsevier}
}

@article{fair1990comparing,
  title={Comparing information in forecasts from econometric models},
  author={Fair, Ray C and Shiller, Robert J},
  journal={The American Economic Review},
  pages={375--389},
  year={1990},
  publisher={JSTOR}
}


@misc{tensorflow, 
title={TensorFlow - https://www.tensorflow.org }, url={https://www.tensorflow.org/}, journal={TensorFlow}}


@article{wang2016forecasting,
  title={Forecasting Bike Rental Demand Using New York Citi Bike Data},
  author={Wang, Wen},
  year={2016},
  publisher={Dublin Institute of Technology}
}




